@online{Auth0JWT,
    author = "AUTH0",
    title = "JWT Authentication",
    url  = "https://jwt.io/introduction",
    addendum = "(accessed: 28.10.2021)",
    keywords = "Authentication"
}
@online{RFC7519,
    author = "IETF",
    title = "JWT RFC7519",
    url  = "https://tools.ietf.org/html/rfc7519",
    addendum = "(accessed: 28.10.2021)",
    keywords = "Authentication"
}
@online{WdsJWT,
    author = "Web Dev Simplified",
    title = "JWT Authentication",
    url  = "https://www.youtube.com/watch?v=7Q17ubqLfaM&t=5s",
    addendum = "(accessed: 28.10.2021)",
    keywords = "Authentication"
}