@online{ContainerSecurity,
    author = "Red Hat",
    title = "Was ist Container-Sicherheit?",
    url  = "https://www.redhat.com/de/topics/security#container-sicherheit",
    addendum = "(accessed: 04.11.2021)",
    keywords = "ContainerSecurity"
}
@online{DockerGrundlagen,
    author = "Red Hat",
    title = "Docker – Funktionsweise, Vorteile, Einschränkungen",
    url  = "https://www.redhat.com/de/topics/containers/what-is-docker",
    addendum = "(accessed: 04.11.2021)",
    keywords = "Docker general"
}
@online{Docker,
    author = "Docker Inc.",
    title = "Docker",
    url  = "https://www.docker.com/",
    addendum = "(accessed: 16.11.2021)",
    keywords = "Docker"
}
@online{Container,
    author = "Red Hat",
    title = "Linux-Container",
    url  = "https://www.redhat.com/de/topics/containers",
    addendum = "(accessed: 4.11.2021)",
    keywords = "Conatiner"
}
@online{DockerInc,
    author = "LinkedIn",
    title = "Docker, Inc",
    url  = "https://www.linkedin.com/company/docker",
    addendum = "(accessed: 16.11.2021)",
    keywords = "DockerInc"
}
@online{Kontrollgruppen,
    author = "Red Hat",
    title = "Einführung in Kontrollgruppen",
    url  = "https://access.redhat.com/documentation/de-de/red_hat_enterprise_linux/6/html/resource_management_guide/ch01",
    addendum = "(accessed: 04.11.2021)",
    keywords = "Kontrollgruppen"
}
@online{DockerVsVm,
    author = "Hartmut Schlosser",
    title = "Docker vs. Virtuelle Maschine: Wo liegen die Unterschiede?",
    url  = "https://entwickler.de/docker/docker-vs-virtuelle-maschine-wo-liegen-die-unterschiede/",
    addendum = "(accessed: 19.11.2021)",
    keywords = "Docker vs. VM"
}
@online{DockerWiki,
    author = "Wikipedia",
    title = "Docker (software)",
    url  = "https://en.wikipedia.org/wiki/Docker_(software)",
    addendum = "(accessed: 19.11.2021)",
    keywords = "Docker"
}
@online{TestenContainer,
    author = "Sven Hettwer",
    title = "Container-Technologien vereinfachen das Testen verteilter IT-Systeme",
    url  = "https://www.computerwoche.de/a/container-technologien-vereinfachen-das-testen-verteilter-it-systeme,3546514",
    addendum = "(accessed: 30.12.2021)",
    keywords = "Testen mit Containern"
}
@online{LxcVsDocker,
    author = "Techdivision",
    title = "LXC vs. Docker",
    url  = "https://www.techdivision.com/aktuelles/blog/lxc-vs-docker-wir-setzen-bei-techdivision-inzwischen-verstaerkt-auf-lxc",
    addendum = "(accessed: 21.01.2022)",
    keywords = "LXC vs. Docker"
}