@online{Express,
    author = "express.js",
    title = "Express",
    url  = "https://expressjs.com/de/starter/hello-world.html",
    addendum = "(accessed: 23.01.2022)",
    keywords = "Express"
}
@online{FullStack,
    author = "Campusjäger",
    title = "Full Stack Developer",
    url  = "https://www.campusjaeger.de/karriereguide/berufswelt/full-stack-developer#:~:text=Full%20Stack%20Developer%20sind%20Programmierer,Developer%20auch%20alle%20gängigen%20Programmiersprachen.",
    addendum = "(accessed: 25.02.2022)",
    keywords = "Express"
}
@online{NodeExp,
    author = "Kristin Savage",
    title = "Express vs. Node",
    url  = "https://blog.back4app.com/differences-between-express-js-and-node-js/",
    addendum = "(accessed: 27.02.2022)",
    keywords = "Express"
}