@online{NodeJS,
    author = "node.js",
    title = "Node",
    url  = "https://nodejs.org/",
    addendum = "(accessed: 25.02.2022)",
    keywords = "Node"
}
@online{NodeGitHub,
    author = "node.js",
    title = "Node GitHub",
    url  = "https://github.com/nodejs/node",
    addendum = "(accessed: 25.02.2022)",
    keywords = "Node"
}