@online{MariaWiki,
    author = "Wikipedia",
    title = "MariaDB",
    url  = "https://de.wikipedia.org/wiki/MariaDB",
    addendum = "(accessed: 01.01.2022)",
    keywords = "MariaDB"
}
@online{MariaMy,
    author = "Informatik Aktuell",
    title = "MySQL und MariaDB: Historie und Zukunft der Open Source-Datenbanken - Wie geht es weiter?",
    url  = "https://www.informatik-aktuell.de/aktuelle-meldungen/2017/januar/mysql-und-mariadb-historie-und-zukuenftige-entwicklung-der-open-source-datenbanken.html",
    addendum = "(accessed: 01.01.2022)",
    keywords = "MariaDB und MySQL Geschichte"
}
@online{MariaVsMy,
    author = "IONOS",
    title = "MariaDB vs. MySQL",
    url  = "https://www.ionos.at/digitalguide/hosting/hosting-technik/mariadb-vs-mysql/",
    addendum = "(accessed: 02.01.2022)",
    keywords = "MariaDB vs. MySQL"
}
@online{MariaVsMyBild,
    author = "Kinsta",
    title = "MariaDB vs. MySQL, ein Datenbank-Technologien Vergleich",
    url  = "https://kinsta.com/de/blog/mariadb-versus-mysql/",
    addendum = "(accessed: 11.03.2022)",
    keywords = "MariaDB vs. MySQL Bild"
}