@online{nginx,
    author = "Nginx",
    title = "Nginx",
    url  = "https://www.nginx.com/resources/glossary/nginx/",
    addendum = "(accessed: 28.12.2021)",
    keywords = "Nginx"
}
@online{WikiNginx,
    author = "Wikipedia",
    title = "Nginx",
    url  = "https://en.wikipedia.org/w/index.php?title=Nginx&oldid=1042276961",
    addendum = "(accessed: 28.12.2021)",
    keywords = "Nginx"
}