@online{Node,
    author = "node.js",
    title = "Node",
    url  = "https://nodejs.org/en/about/",
    addendum = "(accessed: 23.01.2022)",
    keywords = "Node"
}
@online{NodeJs.dev,
    author = "nodejs.dev",
    title = "Node",
    url  = "https://nodejs.dev/learn",
    addendum = "(accessed: 23.01.2022)",
    keywords = "Node"
}
@online{Arocom,
    author = "Arocom",
    title = "NodeJs",
    url  = "https://www.arocom.de/fachbegriffe/webentwicklung/nodejs",
    addendum = "(accessed: 23.01.2022)",
    keywords = "Node"
}
@online{Anwendungen,
    author = "Kinsta",
    title = "Node.JS Anwendungen",
    url  = "https://kinsta.com/de/wissensdatenbank/was-ist-node-js/",
    addendum = "(accessed: 23.01.2022)",
    keywords = "Anwendungen"
}
@online{HelloWorld,
    author = "KinstaHelloWorld",
    title = "Hello World",
    url  = "https://kinsta.com/de/wissensdatenbank/was-ist-node-js/#hello-world-in-nodejs",
    addendum = "(accessed: 23.01.2022)",
    keywords = "HelloWorld"
}
@online{NPM,
    author = "KinstaNPM",
    title = "NPM",
    url  = "https://kinsta.com/de/wissensdatenbank/was-ist-node-js/#was-ist-npm",
    addendum = "(accessed: 23.01.2022)",
    keywords = "NPM"
}
@online{NPM2,
    author = "NPM",
    title = "NPM",
    url  = "https://www.w3schools.com/whatis/whatis_npm.asp",
    addendum = "(accessed: 23.01.2022)",
    keywords = "NPM"
}