@online{OCRIntro,
    author = "Illinois University Library",
    title = "What is OCR?",
    url  = "https://guides.library.illinois.edu/OCR",
    addendum = "(accessed: 27.12.2021)",
    keywords = "OCR"
}