@online{WikiOpenSSL,
    author = "Wikipedia",
    title = "OpenSSL",
    url  = "https://de.wikipedia.org/wiki/OpenSSL",
    addendum = "(accessed: 28.12.2021)",
    keywords = "OpenSSLWiki"
}

@online{DiffTLSSSL,
    author = "dzone",
    title = "Whats the difference between TLS and SSL",
    url  = "https://dzone.com/articles/whats-the-difference-between-tls-and-ssl",
    addendum = "(accessed: 28.12.2021)",
    keywords = "TLS"
}

@online{TexasSSL,
    author = "utexas",
    title = "SSL",
    url  = "https://www.cs.utexas.edu/users/lam/NRL/SSL.html",
    addendum = "(accessed: 28.12.2021)",
    keywords = "SSL"
}

@online{WikiTLS,
    author = "Wikipedia",
    title = "Transport Layer Security",
    url  = "https://www.cs.utexas.edu/users/lam/NRL/SSL.html ",
    addendum = "(accessed: 29.12.2021)",
    keywords = "SSL"
}

@online{BreakDownTLS,
    author = "softwaresecuritydotblog",
    title = "Breaking down the TLS-handshake",
    url  = "https://softwaresecuritydotblog.wordpress.com/2019/09/30/breaking-down-the-tls-handshake/",
    addendum = "(accessed: 29.12.2021)",
    keywords = "TLS"
}

@online{DeepDiveTLS,
    author = "levelup",
    title = "Deep Dive into TLS-handshake",
    url  = "https://levelup.gitconnected.com/deep-dive-into-tls-handshake-e029e28e2eb3",
    addendum = "(accessed: 29.12.2021)",
    keywords = "TLS"
}

@online{ZertifikateTLS,
    author = "bjoern.info",
    title = "SSL-TLS-Zertifikate und Private-Key-Verschluesselung",
    url  = "https://www.bjoern.info/2020/12/ssl-tls-zertifikate-und-private-key-verschluesselung/",
    addendum = "(accessed: 02.01.2022)",
    keywords = "Keys"
}

@online{SessionKeyTLS,
    author = "cloudflare",
    title = "What is a session key",
    url  = "https://www.cloudflare.com/de-de/learning/ssl/what-is-a-session-key/",
    addendum = "(accessed: 02.01.2022)",
    keywords = "Keys"
}

@online{TerminologyTLS,
    author = "acunetix",
    title = "TLS-SSL terminology basics part 3",
    url  = "https://www.acunetix.com/blog/articles/tls-ssl-terminology-basics-part-3/#:~:text=The%20message%20authentication%20code%20(MAC,result%20is%20called%20a%20tag.",
    addendum = "(accessed: 02.01.2022)",
    keywords = "Basics"
}

@online{HandshakeLS,
    author = "thesslstore",
    title = "Explaining SSL-Handshake",
    url  = "https://www.thesslstore.com/blog/explaining-ssl-handshake/#:~:text=The%20%E2%80%9CChange%20Cipher%20Spec%E2%80%9D%20message,complete%20on%20the%20client%20side.",
    addendum = "(accessed: 02.01.2022)",
    keywords = "Basics"
}

@online{ChainOfTrust,
    author = "Wikipedia",
    title = "Chain of Trust",
    url  = "https://en.wikipedia.org/wiki/Chain_of_trust",
    addendum = "(accessed: 04.01.2022)",
    keywords = "Chain of Trust"
}



