@online{OpenAPILogo,
    author = "codefluegel",
    title = "OpenAPI 3.0 – Blaupause für REST APIs",
    url  = "https://codefluegel.com/blog/openapi-3-0-blaupause-fuer-rest-apis/",
    addendum = "(accessed: 3.12.2021)",
    keywords = "Logo"
}