@online{Projectman.,
    author = "Domenik Boss",
    title = "Was ist klassisches Projektmanagement?",
    url  = "https://www.agile-heroes.de/magazine/was-ist-klassisches-projektmanagement/",
    addendum = "(accessed: 01.02.2022)",
    keywords = "Klassisches Projektmanagement"
}
@online{agil,
    author = "Dr. Georg Angermeier",
    title = "Agiles Projektmanagement",
    url  = "https://www.projektmagazin.de/glossarterm/agiles-projektmanagement",
    addendum = "(accessed: 03.02.2022)",
    keywords = "Agiles Projektmanagement"
}