@online{w3MediaQueries,
    author = "w3schools",
    title = "Media Queries",
    url  = "https://www.w3schools.com/css/css3_mediaqueries.asp",
    addendum = "(accessed: 01.02.2022)",
    keywords = "media queries",
}