@online{WikiREST,
    author = "Wikipedia",
    title = "Representational State Transfer",
    url  = "https://de.wikipedia.org/wiki/Representational_State_Transfer",
    addendum = "(accessed: 12.11.2021)",
    keywords = "REST"
}
@online{RedHatRest,
    author = "RedHat",
    title = "Was ist eine REST-API und was ist REST",
    url  = "https://www.redhat.com/de/topics/api/what-is-a-rest-api",
    addendum = "(accessed: 15.11.2021)",
    keywords = "REST"
}
@online{ClientServer,
    author = "Elektronik-Kompendium",
    title = "Client-Server-Architektur",
    url  = "https://www.elektronik-kompendium.de/sites/net/2101151.htm",
    addendum = "(accessed: 15.11.2021)",
    keywords = "Client-Server"
}
@online{RestSoap,
    author = "oio",
    title = "Client-Server-Architektur",
    url  = "https://www.oio.de/public/xml/rest-webservices.htm",
    addendum = "(accessed: 15.11.2021)",
    keywords = "REST"
}


