https://medium.com/@kennedyjt88/frontend-routing-vs-backend-routing-874b2bc41e5a