@online{SequInstall,
    author = "Sequelize",
    title = "Installation",
    url  = "https://sequelize.org/v4/manual/installation/getting-started",
    addendum = "(accessed: 25.01.2022)",
    keywords = "Install Sequelize"
}