@online{TypeScript,
    author = "npmjs",
    title = "Express",
    url  = "https://www.npmjs.com/package/typescript",
    addendum = "(accessed: 23.01.2022)",
    keywords = "typescript"
}
@online{ScriptWiki,
    author = "TypeScriptWiki",
    title = "Problemsolving",
    url  = "https://de.wikipedia.org/wiki/TypeScript",
    addendum = "(accessed: 23.01.2022)",
    keywords = "typescript"
}
@online{IntModules,
    author = "Runebook",
    title = "InternModules",
    url  = "https://runebook.dev/de/docs/typescript/namespaces",
    addendum = "(accessed: 28.02.2022)",
    keywords = "IntModules"
}
@online{ExtModules,
    author = "CodeSample",
    title = "ExternModules",
    url  = "https://www.code-sample.com/2017/06/typescript-internal-external-export.html",
    addendum = "(accessed: 28.02.2022)",
    keywords = "ExtModules"
}@online{Differnces,
    author = "Geeks",
    title = "Differnces between JS and TS",
    url  = "https://www.geeksforgeeks.org/difference-between-typescript-and-javascript/",
    addendum = "(accessed: 28.02.2022)",
    keywords = "Differnces"
}
}@online{ECMAScript6,
    author = "Lennart",
    title = "ECMAScript 6",
    url  = "https://www.clickstorm.de/blog/ecmascript-6-im-einsatz/",
    addendum = "(accessed: 17.03.2022)",
    keywords = "ECMA"
}