@online{ViteOverview,
    author = "Vite",
    title = "Getting Started",
    url  = "https://vitejs.dev/guide/",
    addendum = "(accessed: 05.02.2022)",
    keywords = "Vite"
}
@online{ViteFeatures,
    author = "Vite",
    title = "Features",
    url  = "https://vitejs.dev/guide/features.html",
    addendum = "(accessed: 05.02.2022)",
    keywords = "Vite"
}
@online{Rollup,
    author = "Rollup",
    title = "Overview",
    url  = "https://rollupjs.org/guide/en/",
    addendum = "(accessed: 05.02.2022)",
    keywords = "Vite Rollup"
}
@online{esbuild,
    author = "esbuild",
    title = "esbuild An extremely fast Javascript bundler",
    url  = "https://esbuild.github.io",
    addendum = "(accessed: 05.02.2022)",
    keywords = "Vite esbuild"
}
