@online{MDNWebComponents,
    author = "Mozilla",
    title = "Web Components",
    url  = "https://developer.mozilla.org/en-US/docs/Web/Web_Components",
    addendum = "(accessed: 29.12.2021)",
    keywords = "Web Components"
}
@online{MDNWebCustomElements,
    author = "Mozilla",
    title = "Custom Elements",
    url  = "https://developer.mozilla.org/en-US/docs/Web/Web_Components/Using_custom_elements",
    addendum = "(accessed: 06.02.2022)",
    keywords = "Web Components"
}
@online{MDNShadowRoot,
    author = "Mozilla",
    title = "Shadow Root",
    url  = "https://developer.mozilla.org/en-US/docs/Web/API/ShadowRoot",
    addendum = "(accessed: 29.12.2021)",
    keywords = "Web Components"
}
@online{MDNSlots,
    author = "Mozilla",
    title = "Slots",
    url  = "https://developer.mozilla.org/en-US/docs/Web/HTML/Element/slot",
    addendum = "(accessed: 29.12.2021)",
    keywords = "Web Components"
}
@online{MDNes6Classes,
    author = "Eric Faust",
    title = "ES6 In Depth: Classes",
    url  = "https://hacks.mozilla.org/2015/07/es6-in-depth-classes/",
    addendum = "(accessed: 26.02.2022)",
    keywords = "ES6 Classes"
}
@online{MDNDOM,
    author = "Mozilla",
    title = "Introduction to the DOM",
    url  = "https://developer.mozilla.org/en-US/docs/Web/API/Document_Object_Model/Introduction",
    addendum = "(accessed: 26.02.2022)",
    keywords = "DOM"
}
@online{MDNtemplate,
    author = "Mozilla",
    title = "<template>: The Content Template element",
    url  = "https://developer.mozilla.org/en-US/docs/Web/HTML/Element/template",
    addendum = "(accessed: 26.02.2022)",
    keywords = "template"
}