
@online{w3LocalStorage,
    author = "w3schools",
    title = "local storage",
    url  = "https://www.w3schools.com/js/js_api_fetch.asp",
    addendum = "(accessed: 30.12.2020)",
    keywords = "Webstorage, local storage"
}
@online{w3Cookies,
    author = "w3schools",
    title = "Coockies",
    url  = "https://www.w3schools.com/php/php_cookies.asp",
    addendum = "(accessed: 30.12.2020)",
    keywords = "Webstorage, cookies"
}
@online{MDNIndexedDB,
    author = "Mozilla",
    title = "Indexed DB",
    url  = "https://developer.mozilla.org/en-US/docs/Web/API/IndexedDB_API",
    addendum = "(accessed: 30.12.2020)",
    keywords = "Webstorage, IndexedDB"
}
@online{MDNUsingIndexedDB,
    author = "Mozilla",
    title = "Using Indexed DB",
    url  = "https://developer.mozilla.org/en-US/docs/Web/API/IndexedDB_API/Using_IndexedDB",
    addendum = "(accessed: 30.12.2020)",
    keywords = "Webstorage, IndexedDB"
}