@online{WebUntisWrapper,
    author = "SchoolUtils",
    title = "WebUntis Node Wrapper",
    url  = "https://github.com/SchoolUtils/WebUntis#readme",
    addendum = "(accessed: 23.01.2022)",
    keywords = "Node Wrapper"
}
@online{Untis,
    author = "Untis",
    title = "Untis Partner",
    url  = "https://www.untis.at/untis-partner",
    addendum = "(accessed: 23.01.2022)",
    keywords = "UntisPartner"
}